@article{te:original,
    author = {Donnelly, Kevin and Fluet, Matthew},
    title = {Transactional Events},
    journal = {SIGPLAN Not.},
    issue_date = {September 2006},
    volume = {41},
    number = {9},
    month = sep,
    year = {2006},
    issn = {0362-1340},
    pages = {124--135},
    numpages = {12},
    url = {http://doi.acm.org/10.1145/1160074.1159821},
    doi = {10.1145/1160074.1159821},
    acmid = {1159821},
    publisher = {ACM},
    address = {New York, NY, USA},
    keywords = {concurrency, first-class events, monads, synchronous message passing, transactions},
}

@article{te:ml,
 author = {Effinger-Dean, Laura and Kehrt, Matthew and Grossman, Dan},
 title = {Transactional Events for ML},
 journal = {SIGPLAN Not.},
 issue_date = {September 2008},
 volume = {43},
 number = {9},
 month = sep,
 year = {2008},
 issn = {0362-1340},
 pages = {103--114},
 numpages = {12},
 url = {http://doi.acm.org.ezproxy.rit.edu/10.1145/1411203.1411222},
 doi = {10.1145/1411203.1411222},
 acmid = {1411222},
 publisher = {ACM},
 address = {New York, NY, USA},
 keywords = {concurrency, synchronous message passing, transactional events},
} 

@misc{stomp:spec, 
    title={STOMP 1.2 Specification}, 
    url={https://stomp.github.io/stomp-specification-1.2.html}, 
    journal={STOMP 1.2 Specification}
}

@article{te:idioms,
  title={Programming Idioms for Transactional Events},
  author={Kehrt, Matthew and Effinger-Dean, Laura and Schmitz, Michael and Grossman, Dan},
  journal={arXiv preprint arXiv:1002.0936},
  year={2010}
}